<?xml version = "1.0" encoding = "UTF-8"?><OAI-PMH xmlns="http://www.openarchives.org/OAI/2.0/" xmlns:xsi="http://www.w3.org/2001/XMLSchema-instance" xsi:schemaLocation="http://www.openarchives.org/OAI/2.0/ http://www.openarchives.org/OAI/2.0/OAI-PMH.xsd"><ListRecords><record><header><identifier>aleph-publish:008723481</identifier></header><metadata><record xmlns="http://www.ddb.de/professionell/mabxml/mabxml-1.xsd"><leader>00251vM2.01200024------u</leader><controlfield tag="LDR">00251vM2.01200024------u</controlfield><controlfield tag="FMT">MU</controlfield><datafield tag="001" ind1="-" ind2="1"><subfield code="a">HT009054973</subfield></datafield><datafield tag="001" ind1="-" ind2="2"><subfield code="a">HT002191515</subfield></datafield><datafield tag="002" ind1="a" ind2="1"><subfield code="a">19981001</subfield></datafield><datafield tag="002" ind1="a" ind2="2"><subfield code="a">19880127</subfield></datafield><datafield tag="003" ind1="-" ind2="1"><subfield code="a">20180712</subfield></datafield><datafield tag="003" ind1="-" ind2="2"><subfield code="a">20050829</subfield></datafield><datafield tag="010" ind1="-" ind2="1"><subfield code="a">HT002191515</subfield></datafield><datafield tag="025" ind1="o" ind2="1"><subfield code="a">1068527298</subfield></datafield><datafield tag="025" ind1="o" ind2="2"><subfield code="a">74981932</subfield></datafield><datafield tag="026" ind1="-" ind2="1"><subfield code="a">HBZHT009054973</subfield></datafield><controlfield tag="030">a|1uc||||||||</controlfield><datafield tag="036" ind1="a" ind2="2"><subfield code="a">DE</subfield></datafield><datafield tag="037" ind1="b" ind2="2"><subfield code="a">ger</subfield></datafield><controlfield tag="050">a|||||||||||||</controlfield><datafield tag="070" ind1="-" ind2="1"><subfield code="a">6/Inst</subfield></datafield><datafield tag="070" ind1="-" ind2="2"><subfield code="a">465</subfield></datafield><datafield tag="070" ind1="b" ind2="1"><subfield code="a">HBZ/Red</subfield></datafield><datafield tag="070" ind1="b" ind2="2"><subfield code="a">468</subfield></datafield><datafield tag="080" ind1="-" ind2="1"><subfield code="a">60</subfield></datafield><datafield tag="080" ind1="-" ind2="2"><subfield code="a">60</subfield></datafield><controlfield tag="089">[Hauptband]</controlfield><datafield tag="090" ind1="-" ind2="1"><subfield code="a">1</subfield></datafield><datafield tag="100" ind1="b" ind2="2"><subfield code="p">Fischer, Heribert</subfield><subfield code="b">[Bearb.]</subfield></datafield><datafield tag="331" ind1="-" ind2="2"><subfield code="a">Erziehungssituationen und Erziehungsprozesse</subfield></datafield><datafield tag="359" ind1="-" ind2="2"><subfield code="a">erarb. von Heribert Fischer</subfield></datafield><datafield tag="403" ind1="-" ind2="1"><subfield code="a">2., überarb. und erw. Aufl., 3. Druck</subfield></datafield><datafield tag="410" ind1="-" ind2="2"><subfield code="a">Frankfurt am Main</subfield></datafield><datafield tag="412" ind1="-" ind2="2"><subfield code="a">Hirschgraben-Verl.</subfield></datafield><datafield tag="425" ind1="b" ind2="2"><subfield code="a">1983</subfield></datafield><datafield tag="425" ind1="a" ind2="1"><subfield code="a">1994</subfield></datafield><datafield tag="433" ind1="-" ind2="1"><subfield code="a">144 S. : Ill.</subfield></datafield><datafield tag="451" ind1="-" ind2="2"><subfield code="a">Arbeitshefte für Erziehungswissenschaft</subfield></datafield><datafield tag="540" ind1="a" ind2="1"><subfield code="a">3-454-12801-3</subfield></datafield><datafield tag="675" ind1="-" ind2="2"><subfield code="a">Schulbuch Hirschgraben-Verlag</subfield></datafield><datafield tag="902" ind1="-" ind2="1"><subfield code="s">Pädagogikunterricht</subfield><subfield code="9">(DE-588)4044306-1</subfield></datafield><datafield tag="902" ind1="-" ind2="1"><subfield code="s">Schuljahr 11</subfield><subfield code="9">(DE-588)4053513-7</subfield></datafield><datafield tag="902" ind1="-" ind2="1"><subfield code="s">Schulbuch</subfield><subfield code="9">(DE-588)4053458-3</subfield></datafield><controlfield tag="SYS">008723481</controlfield><datafield tag="952" ind1="-" ind2="1"><subfield code="s">Erziehungskunde</subfield></datafield><datafield tag="952" ind1="-" ind2="1"><subfield code="s">Erziehungslehre</subfield><subfield code="h">Unterrichtsfach</subfield></datafield><datafield tag="952" ind1="-" ind2="1"><subfield code="s">Erziehungswissenschaftlicher Unterricht</subfield></datafield><datafield tag="952" ind1="-" ind2="1"><subfield code="s">Sekundarstufe</subfield><subfield code="x">Pädagogikunterricht</subfield></datafield><datafield tag="952" ind1="-" ind2="1"><subfield code="s">Lehrwerk</subfield><subfield code="h">Schulbuch</subfield></datafield><datafield tag="952" ind1="-" ind2="1"><subfield code="s">Schullehrbuch</subfield></datafield><datafield tag="952" ind1="-" ind2="1"><subfield code="s">Schülerlehrbuch</subfield></datafield><datafield tag="952" ind1="-" ind2="1"><subfield code="s">Schulbücher</subfield></datafield><datafield tag="952" ind1="-" ind2="1"><subfield code="s">Lehrwerke</subfield></datafield><datafield tag="088" ind1=" " ind2=" "><subfield code="a">6/123</subfield><subfield code="c">FEF/DP 5800 F529 E7-1(2)</subfield><subfield code="e">keine Angabe</subfield></datafield><datafield tag="088" ind1=" " ind2=" "><subfield code="a">6/123</subfield><subfield code="c">FE/DP 5800 F529 E7-1(2)</subfield><subfield code="e">keine Angabe</subfield></datafield></record></metadata></record></ListRecords></OAI-PMH>